@article{FlintCearns2021,
    title = {Systematic Misestimation of Machine Learning Performance in Neuroimaging Studies of Depression},
    author = {Flint, Claas and Cearns, Micah and Opel, Nils and Redlich, Ronny and Mehler, David M. A. and Emnden, Daniel and Winter, Nils R and Leenings, Ramona and Eickhoff, Simon B. and Kircher, Tilo and Krug, Axel and Nenadic, Igor and Arolt, Volker and Clark, Scott and Baune, Bernhard T. and Jiang, Xiaoyi and Dannlowski, Udo and Hahn, Tim},
    doi = {},
    issn = {},
    journal = {Neuropsychopharmacology},
    month = {May # " 9"}, %todo
    year = {2021},
    publisher = {Springer Science and Business Media {\{}LLC{\}}},
    url = {}
}